@article{etsi-en-302-637,
  author          = "{European Telecommunications Standards Institute}",
  journal         = {},
  number          = "{ETSI EN 302 637-2 V1.4.1}",
  title           = "{Intelligent Transport Systems (ITS); Vehicular Communications; Basic Set of Applications; Part 2: Specification of Cooperative Awareness Basic Service}",
  volume          = {},
  url             = {https://www.etsi.org/deliver/etsi_en/302600_302699/30263702/01.04.01_60/en_30263702v010401p.pdf},
  year            = {2019},
}

